@article{henzinger1997faster,
  title={Faster shortest-path algorithms for planar graphs},
  author={Henzinger, Monika R and Klein, Philip and Rao, Satish and Subramanian, Sairam},
  journal={journal of computer and system sciences},
  volume={55},
  number={1},
  pages={3--23},
  year={1997},
  publisher={Elsevier}
}

@inproceedings{bose1996approximating,
  title={Approximating Shortest Paths in Arrangements of Lines.},
  author={Bose, Prosenjit and Evans, William S and Kirkpatrick, David G and McAllister, Michael and Snoeyink, Jack},
  booktitle={CCCG},
  volume={96},
  pages={143--148},
  year={1996}
}

@inproceedings{eppstein1997efficient,
  title={An efficient algorithm for shortest paths in vertical and horizontal segments},
  author={Eppstein, David and Hart, David W},
  booktitle={Workshop on Algorithms and Data Structures},
  pages={234--247},
  year={1997},
  organization={Springer}
}

@inproceedings{eppstein1999shortest,
  title={Shortest paths in an arrangement with k line orientations},
  author={Eppstein, David and Hart, David},
  booktitle={Symposium on Discrete Algorithms: Proceedings of the tenth annual ACM-SIAM symposium on Discrete algorithms},
  volume={17},
  number={19},
  pages={310--316},
  year={1999}
}

@inproceedings{hart2001approximating,
  title={Approximating the shortest path in line arrangements.},
  author={Hart, David},
  booktitle={CCCG},
  pages={105--108},
  year={2001}
}

@inproceedings{kavitha2003shortest,
  title={On shortest paths in line arrangements.},
  author={Kavitha, Telikepalli and Varadarajan, Kasturi R},
  booktitle={CCCG},
  pages={170--173},
  year={2003}
}

